<record xmlns="http://www.loc.gov/MARC21/slim" xmlns:xsi="http://www.w3.org/2001/XMLSchema-instance" xsi:schemaLocation="http://www.loc.gov/MARC21/slim http://www.loc.gov/standards/marcxml/schema/MARC21slim.xsd"><leader>01963nam a2200397   4500</leader><controlfield tag="001">3076855</controlfield><controlfield tag="003">NNC</controlfield><controlfield tag="006">m        d        </controlfield><controlfield tag="007">cr cn |||m|||a</controlfield><controlfield tag="008">150223s1891    le      o     000 p ara d</controlfield><datafield ind1=" " ind2=" " tag="040"><subfield code="a">NNU</subfield><subfield code="b">eng</subfield><subfield code="c">NNU</subfield></datafield><datafield ind1="0" ind2=" " tag="041"><subfield code="a">ara</subfield><subfield code="a">per</subfield><subfield code="a">tur</subfield></datafield><datafield ind1="1" ind2="4" tag="050"><subfield code="a">PL248</subfield><subfield code="b">.N1425 1891</subfield></datafield><datafield ind1="1" ind2=" " tag="100"><subfield code="6">880-01</subfield><subfield code="a">Na&#772;jim, &#699;Abd al-Rah&#803;ma&#772;n,</subfield><subfield code="d">active 19th century,</subfield><subfield code="e">comp.</subfield></datafield><datafield ind1="1" ind2="0" tag="245"><subfield code="6">880-02</subfield><subfield code="a">Gulza&#772;r-i a&#772;s&#818;a&#772;r</subfield><subfield code="h">[electronic resource] /</subfield><subfield code="c">jam&#699; va ta&#772;&#700;li&#772;f-i &#699;Abd al-Rah&#803;ma&#772;n Na&#772;jim.</subfield></datafield><datafield ind1=" " ind2=" " tag="260"><subfield code="6">880-03</subfield><subfield code="a">Bairu&#772;t :</subfield><subfield code="b">Mat&#803;ba&#699;ah al-Adabi&#772;yah,</subfield><subfield code="c">1309 [1891]</subfield></datafield><datafield ind1=" " ind2=" " tag="300"><subfield code="a">online resource (272 p.)</subfield></datafield><datafield ind1=" " ind2=" " tag="500"><subfield code="a">Part of the Arabic Collections Online (ACO) project, contributed by Columbia University Libraries.</subfield></datafield><datafield ind1=" " ind2=" " tag="533"><subfield code="a">Electronic reproduction.</subfield><subfield code="b">New York, N.Y. :</subfield><subfield code="c">New York University,</subfield><subfield code="d">2015.</subfield><subfield code="5">NNU</subfield></datafield><datafield ind1=" " ind2=" " tag="546"><subfield code="a">Arabic, Persian and Turkish text.</subfield></datafield><datafield ind1=" " ind2="0" tag="650"><subfield code="a">Arabic poetry.</subfield></datafield><datafield ind1=" " ind2="0" tag="650"><subfield code="a">Persian poetry.</subfield></datafield><datafield ind1=" " ind2="0" tag="650"><subfield code="a">Turkish poetry.</subfield></datafield><datafield ind1=" " ind2="7" tag="650"><subfield code="a">Arabic poetry.</subfield><subfield code="2">fast</subfield><subfield code="0">(OCoLC)fst00812533</subfield></datafield><datafield ind1=" " ind2="7" tag="650"><subfield code="a">Persian poetry.</subfield><subfield code="2">fast</subfield><subfield code="0">(OCoLC)fst01058542</subfield></datafield><datafield ind1=" " ind2="7" tag="650"><subfield code="a">Turkish poetry.</subfield><subfield code="2">fast</subfield><subfield code="0">(OCoLC)fst01159504</subfield></datafield><datafield ind1="2" ind2=" " tag="710"><subfield code="a">Columbia University.</subfield><subfield code="b">Libraries.</subfield></datafield><datafield ind1="0" ind2=" " tag="730"><subfield code="a">Arabic Collections Online.</subfield></datafield><datafield ind1="0" ind2="8" tag="776"><subfield code="i">Online version:</subfield><subfield code="a">Na&#772;jim, &#699;Abd al-Rah&#803;ma&#772;n, 19th cent.</subfield><subfield code="t">Gulza&#772;r-i a&#772;s&#818;a&#772;r.</subfield><subfield code="d">Bairu&#772;t, Mat&#803;ba&#699;ah al-Adabi&#772;yah, 1309 [1891]</subfield><subfield code="w">(OCoLC)655127039</subfield></datafield><datafield ind1="0" ind2="8" tag="776"><subfield code="i">Print version:</subfield><subfield code="a">Na&#772;jim, &#699;Abd al-Rah&#803;ma&#772;n, active 19th century, comp.</subfield><subfield code="t">Gulza&#772;r-i a&#772;s&#818;a&#772;r</subfield><subfield code="w">(NNC)3076855</subfield><subfield code="w">(OCoLC)47864088</subfield></datafield><datafield ind1="4" ind2="0" tag="856"><subfield code="u">http://hdl.handle.net/2333.1/1ns1rq17</subfield></datafield><datafield ind1="1" ind2=" " tag="880"><subfield code="6">100-01/r</subfield><subfield code="a">&#1606;&#1575;&#1580;&#1605;&#1548; &#1593;&#1576;&#1583; &#1575;&#1604;&#1585;&#1581;&#1605;&#1606;&#1548;</subfield><subfield code="d">active 19th century,</subfield><subfield code="e">comp.</subfield></datafield><datafield ind1="1" ind2="0" tag="880"><subfield code="6">245-02/r</subfield><subfield code="a">&#1711;&#1604;&#1586;&#1575;&#1585; &#1570;&#1579;&#1575;&#1585;&#1548;</subfield><subfield code="c">&#1580;&#1605;&#1593; &#1608; &#1578;&#1571;&#1604;&#1609;&#1601; &#1593;&#1576;&#1583; &#1575;&#1604;&#1585;&#1581;&#1605;&#1606; &#1606;&#1575;&#1580;&#1605;.</subfield></datafield><datafield ind1=" " ind2=" " tag="880"><subfield code="6">260-03/r</subfield><subfield code="a">&#1576;&#1585;&#1608;&#1578; :</subfield><subfield code="b">&#1605;&#1591;&#1576;&#1593;&#1577; &#1575;&#1604;&#1575;&#1583;&#1576;&#1610;&#1577;&#1548;</subfield><subfield code="c">1309 [1891]</subfield></datafield><datafield ind1=" " ind2=" " tag="959"><subfield code="a">NNU</subfield><subfield code="b">WEB</subfield><subfield code="c">GENI</subfield><subfield code="t">0</subfield><subfield code="m">Electronic access</subfield><subfield code="s">01</subfield></datafield><datafield ind1=" " ind2=" " tag="999"><subfield code="i">NNC_3076855</subfield><subfield code="o">(OCoLC)47864088</subfield><subfield code="s">columbia_aco000166</subfield></datafield></record>